Data;Hora;Liquidação;Descrição;Valor (U$);Saldo da conta (U$)
2020-07-24;12:35;27/07/2020;Câmbio Padrão : R$5977.29;1126.83;1126.83
2020-07-28;14:55;30/07/2020;Compra de 1 AAPL a $ 377;-377.0;749.83
2020-08-13;11:32;17/08/2020;Compra de 1 ATVI a $ 82.7;-82.7;667.13
2020-08-13;11:32;17/08/2020;Compra de 4 ATVI a $ 82.7;-330.8;336.33
2020-08-14;04:07;14/08/2020;Dividendos AAPL. AAPL dividend, $0.82/share;0.82;337.15
2020-08-14;04:08;14/08/2020;Retenção Impostos sobre Dividendos AAPL. AAPL tax, 30% withheld;-0.25;336.9
2020-08-20;10:38;24/08/2020;Compra de 1 UNH a $ 313.79;-313.79;23.11
2020-08-28;16:32;31/08/2020;Câmbio Padrão : R$11954.57;2166.55;2189.66
2020-09-03;13:43;08/09/2020;Compra de 1 NVDA a $ 523;-523.0;1666.66
2020-09-23;02:24;23/09/2020;Dividendos UNH. UNH dividend, $1.25/share;1.25;1667.91
2020-09-23;02:24;23/09/2020;Retenção Impostos sobre Dividendos UNH. UNH tax, 30% withheld;-0.38;1667.53
2020-11-13;07:45;13/11/2020;Dividendos AAPL. AAPL dividend, $0.205/share;0.82;1668.35
2020-11-13;07:49;13/11/2020;Retenção Impostos sobre Dividendos AAPL. AAPL tax, 30% withheld;-0.25;1668.1
2020-12-16;03:57;16/12/2020;Retenção Impostos sobre Dividendos UNH. UNH tax, 30% withheld;-0.38;1667.72
2020-12-16;03:57;16/12/2020;Dividendos UNH. UNH dividend, $1.25/share;1.25;1668.97
2020-12-30;04:15;30/12/2020;Dividendos NVDA. NVDA dividend, $0.16/share;0.16;1669.13
2020-12-30;04:16;30/12/2020;Retenção Impostos sobre Dividendos NVDA. NVDA tax, 30% withheld;-0.05;1669.08
2021-02-12;02:52;12/02/2021;Dividendos AAPL. AAPL dividend, $0.205/share;0.82;1669.9
2021-02-12;02:56;12/02/2021;Retenção Impostos sobre Dividendos AAPL. AAPL tax, 30% withheld;-0.25;1669.65
2021-03-19;11:01;23/03/2021;Compra de 10 NCLH a $ 28.59;-285.9;1383.75
2021-03-24;01:22;24/03/2021;Dividendos UNH. UNH dividend, $1.25/share;1.25;1385.0
2021-03-24;01:22;24/03/2021;Retenção Impostos sobre Dividendos UNH. UNH tax, 30% withheld;-0.38;1384.62
2021-04-01;01:22;01/04/2021;Dividendos NVDA. NVDA dividend, $0.16/share;0.16;1384.78
2021-04-01;01:23;01/04/2021;Retenção Impostos sobre Dividendos NVDA. NVDA tax, 30% withheld;-0.05;1384.73
2021-05-07;01:42;07/05/2021;Dividendos ATVI. ATVI dividend, $0.47/share;2.35;1387.08
2021-05-07;01:42;07/05/2021;Retenção Impostos sobre Dividendos ATVI. ATVI tax, 30% withheld;-0.71;1386.37
2021-05-11;06:19;11/05/2021;Dividendos . ACCOUNT CONVERSION CASH;1386.37;2772.74
2021-05-11;07:18;11/05/2021;Retenção Impostos sobre Dividendos . ACCOUNT CONVERSION CASH;-2772.74;
2021-05-11;11:19;11/05/2021;Estorno Impostos sobre Dividendos;2772.74;2772.74
2021-05-11;12:00;11/05/2021;US Estorno Dividendos;-1386.37;1386.37
2021-05-14;04:10;14/05/2021;Dividendos AAPL. APPLE INC;0.88;1387.25
2021-05-14;04:10;14/05/2021;Retenção Impostos sobre Dividendos AAPL. APPLE INC;-0.26;1386.99
2021-06-03;11:28;07/06/2021;Compra de 5 DIS a $ 175.83;-879.15;507.84
2021-06-30;04:08;30/06/2021;Retenção Impostos sobre Dividendos UNH. UNITEDHEALTH GROUP INC;-0.44;507.4
2021-06-30;04:08;30/06/2021;Dividendos UNH. UNITEDHEALTH GROUP INC;1.45;508.85
2021-07-02;05:28;02/07/2021;Retenção Impostos sobre Dividendos NVDA. NVIDIA CORP;-0.05;508.8
2021-07-02;05:28;02/07/2021;Dividendos NVDA. NVIDIA CORP;0.16;508.96
2021-08-13;03:04;13/08/2021;Retenção Impostos sobre Dividendos AAPL. APPLE INC;-0.26;508.7
2021-08-13;03:04;13/08/2021;Dividendos AAPL. APPLE INC;0.88;509.58
2021-09-22;02:04;22/09/2021;Dividendos UNH. UNITEDHEALTH GROUP INC;1.45;511.03
2021-09-22;02:04;22/09/2021;Retenção Impostos sobre Dividendos UNH. UNITEDHEALTH GROUP INC;-0.44;510.59
2021-09-24;02:27;24/09/2021;Retenção Impostos sobre Dividendos NVDA. NVIDIA CORP;-0.05;510.54
2021-09-24;02:27;24/09/2021;Dividendos NVDA. NVIDIA CORP;0.16;510.7
2021-11-12;05:09;12/11/2021;Retenção Impostos sobre Dividendos AAPL. APPLE INC;-0.26;510.44
2021-11-12;05:09;12/11/2021;Dividendos AAPL. APPLE INC;0.88;511.32
2021-12-15;04:35;15/12/2021;Dividendos UNH. UNITEDHEALTH GROUP INC;1.45;512.77
2021-12-15;04:35;15/12/2021;Retenção Impostos sobre Dividendos UNH. UNITEDHEALTH GROUP INC;-0.44;512.33
2021-12-24;05:37;27/12/2021;Retenção Impostos sobre Dividendos NVDA. NVIDIA CORP;-0.05;512.28
2021-12-24;05:37;27/12/2021;Dividendos NVDA. NVIDIA CORP;0.16;512.44
2022-02-11;03:46;11/02/2022;Dividendos AAPL. APPLE INC;0.88;513.32
2022-02-11;03:46;11/02/2022;Retenção Impostos sobre Dividendos AAPL. APPLE INC;-0.26;513.06
2022-03-23;03:45;23/03/2022;Dividendos UNH. UNITEDHEALTH GROUP INC;1.45;514.51
2022-03-23;03:45;23/03/2022;Retenção Impostos sobre Dividendos UNH. UNITEDHEALTH GROUP INC;-0.44;514.07
2022-03-25;03:49;25/03/2022;Dividendos NVDA. NVIDIA CORP;0.16;514.23
2022-03-25;03:49;25/03/2022;Retenção Impostos sobre Dividendos NVDA. NVIDIA CORP;-0.05;514.18
2022-05-07;03:33;09/05/2022;Dividendos ATVI. ACTIVISION BLIZZARD INC;2.35;516.53
2022-05-07;03:33;09/05/2022;Retenção Impostos sobre Dividendos ATVI. ACTIVISION BLIZZARD INC;-0.71;515.82
2022-05-13;03:15;13/05/2022;Retenção Impostos sobre Dividendos AAPL. APPLE INC;-0.28;515.54
2022-05-13;03:15;13/05/2022;Dividendos AAPL. APPLE INC;0.92;516.46
2022-06-29;03:23;29/06/2022;Dividendos UNH. UNITEDHEALTH GROUP INC;1.65;518.11
2022-06-29;03:23;29/06/2022;Retenção Impostos sobre Dividendos UNH. UNITEDHEALTH GROUP INC;-0.5;517.61
2022-07-02;03:31;05/07/2022;Dividendos NVDA. NVIDIA CORP;0.16;517.77
2022-07-02;03:33;05/07/2022;Retenção Impostos sobre Dividendos NVDA. NVIDIA CORP;-0.05;517.72
2022-07-08;12:00;12/07/2022;Venda de 2 AAPL a $ 146.94;293.88;811.6
2022-07-08;12:00;12/07/2022;Corretagem AAPL;-1.5;810.1
2022-07-08;12:01;12/07/2022;Corretagem NVDA;-1.5;808.6
2022-07-08;12:01;12/07/2022;Venda de 2 NVDA a $ 158.09;316.18;1124.78
2022-07-08;12:02;12/07/2022;Corretagem UNH;-1.5;1123.28
2022-07-08;12:02;12/07/2022;Venda de 1 UNH a $ 525.89;525.89;1649.17
2022-07-08;12:03;12/07/2022;Corretagem DIS;-1.5;1647.67
2022-07-08;12:03;12/07/2022;Venda de 3 DIS a $ 96.77;290.3;1937.97
2022-07-08;12:03;12/07/2022;Venda de 3 ATVI a $ 78.49;235.47;2173.44
2022-07-08;12:03;12/07/2022;Corretagem ATVI;-1.5;2171.94
2022-07-08;12:04;12/07/2022;Venda de 5 NCLH a $ 11.85;59.25;2231.19
2022-07-08;12:04;12/07/2022;Corretagem NCLH;-1.0;2230.19
2022-07-18;09:22;18/07/2022;Transferência para conta Bancária;-1344.6;885.59
2022-08-12;03:11;12/08/2022;Retenção Impostos sobre Dividendos AAPL. APPLE INC;-0.14;885.45
2022-08-12;03:11;12/08/2022;Dividendos AAPL. APPLE INC;0.46;885.91
2022-09-30;04:18;30/09/2022;Dividendos NVDA. NVIDIA CORP;0.08;885.99
2022-09-30;04:18;30/09/2022;Retenção Impostos sobre Dividendos NVDA. NVIDIA CORP;-0.02;885.97
2022-11-02;17:54;02/11/2022;Taxa de Inatividade;-0.5;885.47
2022-11-02;17:58;02/11/2022;Taxa de Inatividade;-0.5;884.97
2022-11-03;11:00;03/11/2022;Estorno Taxa de Inatividade;0.5;885.47
2022-11-05;03:49;07/11/2022;Taxa Transferência (DTC);-0.5;884.97
2022-11-07;10:18;07/11/2022;Estorno Transferência Taxa (DTC);0.5;885.47
2022-11-11;09:43;14/11/2022;Dividendos AAPL. APPLE INC;0.46;885.93
2022-11-11;09:43;14/11/2022;Retenção Impostos sobre Dividendos AAPL. APPLE INC;-0.14;885.79
2022-12-06;06:55;06/12/2022;Taxa de Inatividade;-0.5;885.29
